@inproceedings{Malialis2018QueueBasedRF,
  title={Queue-Based Resampling for Online Class Imbalance Learning},
  author={Kleanthis Malialis and Christoforos Panayiotou and Marios M. Polycarpou},
  booktitle={ICANN},
  year={2018}
}
@article{kshirsagar2018predictive,
  title={Predictive Embeddings for Hate Speech Detection on Twitter},
  author={Kshirsagar, Rohan and Cukuvac, Tyus and McKeown, Kathleen and McGregor, Susan},
  journal={arXiv preprint arXiv:1809.10644},
  year={2018}
}
@InProceedings{waseem-hovy:2016:N16-2,
  author    = {Waseem, Zeerak  and  Hovy, Dirk},
  title     = {Hateful Symbols or Hateful People? Predictive Features for Hate Speech Detection on Twitter},
  booktitle = {Proceedings of the NAACL Student Research Workshop},
  month     = {June},
  year      = {2016},
  address   = {San Diego, California},
  publisher = {Association for Computational Linguistics},
  pages     = {88--93},
  url       = {http://www.aclweb.org/anthology/N16-2013}
}
@inproceedings{hateoffensive,
  title = {Automated Hate Speech Detection and the Problem of Offensive Language},
  author = {Davidson, Thomas and Warmsley, Dana and Macy, Michael and Weber, Ingmar}, 
  booktitle = {Proceedings of the 11th International AAAI Conference on Web and Social Media},
  series = {ICWSM '17},
  year = {2017},
  location = {Montreal, Canada},
  pages = {512-515}
}
@inproceedings{Golbeck:2017:LLC:3091478.3091509,
 author = {Golbeck, Jennifer and Ashktorab, Zahra and Banjo, Rashad O. and Berlinger, Alexandra and Bhagwan, Siddharth and Buntain, Cody and Cheakalos, Paul and Geller, Alicia A. and Gergory, Quint and Gnanasekaran, Rajesh Kumar and Gunasekaran, Raja Rajan and Hoffman, Kelly M. and Hottle, Jenny and Jienjitlert, Vichita and Khare, Shivika and Lau, Ryan and Martindale, Marianna J. and Naik, Shalmali and Nixon, Heather L. and Ramachandran, Piyush and Rogers, Kristine M. and Rogers, Lisa and Sarin, Meghna Sardana and Shahane, Gaurav and Thanki, Jayanee and Vengataraman, Priyanka and Wan, Zijian and Wu, Derek Michael},
 title = {A Large Labeled Corpus for Online Harassment Research},
 booktitle = {Proceedings of the 2017 ACM on Web Science Conference},
 series = {WebSci '17},
 year = {2017},
 isbn = {978-1-4503-4896-6},
 location = {Troy, New York, USA},
 pages = {229--233},
 numpages = {5},
 url = {http://doi.acm.org/10.1145/3091478.3091509},
 doi = {10.1145/3091478.3091509},
 acmid = {3091509},
 publisher = {ACM},
 address = {New York, NY, USA},
 keywords = {datasets, online harassment},
} 
@article{Pew,
 author = {Maeve Duggan and Aaron Smith},
 title = {Social media update 2013},
  journal={Pew Internet and American Life project},
  year={2013},
}
@inproceedings{pennington2014glove,
  author = {Jeffrey Pennington and Richard Socher and Christopher D. Manning},
  booktitle = {Empirical Methods in Natural Language Processing (EMNLP)},
  title = {GloVe: Global Vectors for Word Representation},
  year = {2014},
  pages = {1532--1543},
  url = {http://www.aclweb.org/anthology/D14-1162},
}
@misc{founta2018unified,
    title={A Unified Deep Learning Architecture for Abuse Detection},
    author={Antigoni-Maria Founta and Despoina Chatzakou and Nicolas Kourtellis and Jeremy Blackburn and Athena Vakali and Ilias Leontiadis},
    year={2018},
    eprint={1802.00385},
    archivePrefix={arXiv},
    primaryClass={cs.CL}
}
@article{Gama2012OnES,
  title={On evaluating stream learning algorithms},
  author={Jo{\~a}o Gama and Raquel Sebasti{\~a}o and Pedro Pereira Rodrigues},
  journal={Machine Learning},
  year={2012},
  volume={90},
  pages={317-346}
}
